<?xml version="1.0" encoding="UTF-8"?><record xmlns="http://www.loc.gov/MARC21/slim" xmlns:cinclude="http://apache.org/cocoon/include/1.0" xmlns:zs="http://www.loc.gov/zing/srw/">
  <leader>01641cz  a2200241n  4500</leader>
  <controlfield tag="001">n 2012029039</controlfield>
  <controlfield tag="003">DLC</controlfield>
  <controlfield tag="005">20120502074912.0</controlfield>
  <controlfield tag="008">120501n| azannaabn           a ana      </controlfield>
  <datafield tag="010" ind1=" " ind2=" ">
    <subfield code="a">n 2012029039</subfield>
  </datafield>
  <datafield tag="040" ind1=" " ind2=" ">
    <subfield code="a">DLC</subfield>
    <subfield code="b">eng</subfield>
    <subfield code="c">DLC</subfield>
    <subfield code="e">rda</subfield>
  </datafield>
  <datafield tag="110" ind1="2" ind2=" ">
    <subfield code="a">Colegiata de Nuestra Señora de la Asunción (Pastrana, Spain)</subfield>
  </datafield>
  <datafield tag="410" ind1="2" ind2=" ">
    <subfield code="a">Collegiate Church of Nuestra Señora de la Asunción (Pastrana, Spain)</subfield>
  </datafield>
  <datafield tag="410" ind1="2" ind2=" ">
    <subfield code="a">Collegiate Church of Our Lady of the Assumption (Pastrana, Spain)</subfield>
  </datafield>
  <datafield tag="410" ind1="2" ind2=" ">
    <subfield code="a">Collegiate Church of Pastrana (Pastrana, Spain)</subfield>
  </datafield>
  <datafield tag="410" ind1="2" ind2=" ">
    <subfield code="a">Iglesia Colegiata de Nuestra Señora de la Asunción (Pastrana, Spain)</subfield>
  </datafield>
  <datafield tag="410" ind1="2" ind2=" ">
    <subfield code="a">Iglesia Colegiata de Pastrana (Pastrana, Spain)</subfield>
  </datafield>
  <datafield tag="670" ind1=" " ind2=" ">
    <subfield code="a">Work cat.: The invention of glory, 2011:</subfield>
    <subfield code="b">p. 7, etc. (Collegiate Church of Nuestra Señora de la Asunción in Pastrana; Church of Our Lady of the Assumption of Pastrana; Collegiate Church of Pastrana; Collegiate Church of Our Lady of the Assumption)</subfield>
  </datafield>
  <datafield tag="670" ind1=" " ind2=" ">
    <subfield code="a">Art full text, May 1, 2012</subfield>
    <subfield code="b">(Iglesia de Pastrana (Spain) [keyword])</subfield>
  </datafield>
  <datafield tag="670" ind1=" " ind2=" ">
    <subfield code="a">Eldiadigital.es (via Internet), Mar. 12, 2012</subfield>
    <subfield code="b">(Iglesia Colegiata de Nuestra Señora de la Asunción; Iglesia Colegiata de Pastrana)</subfield>
  </datafield>
  <datafield tag="670" ind1=" " ind2=" ">
    <subfield code="a">Fundación Carlos de Amberes, May 1, 2012</subfield>
    <subfield code="b">(Colegiata de Nuestra Señora de la Asunción de Pastrana (diócesis Sigüenza-Guadalajara))</subfield>
  </datafield>
  <datafield tag="670" ind1=" " ind2=" ">
    <subfield code="a">National Gallery of Art press release, July 18, 2011:</subfield>
    <subfield code="b">(Collegiate Church of Our Lady of the Assumption, Pastrana, Guadalajara)</subfield>
  </datafield>
  <datafield tag="670" ind1=" " ind2=" ">
    <subfield code="a">Web oficial de Turismo de Castilla-La Mancha, May 1, 2012</subfield>
    <subfield code="b">(Colegiata de Nuestra Señora de la Asunción; Iglesia Colegiata de Pastrana)</subfield>
  </datafield>
</record>